%YAML 1.1
%TAG !u! tag:unity3d.com,2011:
--- !u!29 &1
OcclusionCullingSettings:
  m_ObjectHideFlags: 0
  serializedVersion: 2
  m_OcclusionBakeSettings:
    smallestOccluder: 5
    smallestHole: 0.25
    backfaceThreshold: 100
  m_SceneGUID: 00000000000000000000000000000000
  m_OcclusionCullingData: {fileID: 0}
--- !u!104 &2
RenderSettings:
  m_ObjectHideFlags: 0
  serializedVersion: 9
  m_Fog: 0
  m_FogColor: {r: 0.5, g: 0.5, b: 0.5, a: 1}
  m_FogMode: 3
  m_FogDensity: 0.01
  m_LinearFogStart: 0
  m_LinearFogEnd: 300
  m_AmbientSkyColor: {r: 0.212, g: 0.227, b: 0.259, a: 1}
  m_AmbientEquatorColor: {r: 0.114, g: 0.125, b: 0.133, a: 1}
  m_AmbientGroundColor: {r: 0.047, g: 0.043, b: 0.035, a: 1}
  m_AmbientIntensity: 1
  m_AmbientMode: 3
  m_SubtractiveShadowColor: {r: 0.42, g: 0.478, b: 0.627, a: 1}
  m_SkyboxMaterial: {fileID: 0}
  m_HaloStrength: 0.5
  m_FlareStrength: 1
  m_FlareFadeSpeed: 3
  m_HaloTexture: {fileID: 0}
  m_SpotCookie: {fileID: 10001, guid: 0000000000000000e000000000000000, type: 0}
  m_DefaultReflectionMode: 0
  m_DefaultReflectionResolution: 128
  m_ReflectionBounces: 1
  m_ReflectionIntensity: 1
  m_CustomReflection: {fileID: 0}
  m_Sun: {fileID: 0}
  m_IndirectSpecularColor: {r: 0, g: 0, b: 0, a: 1}
  m_UseRadianceAmbientProbe: 0
--- !u!157 &3
LightmapSettings:
  m_ObjectHideFlags: 0
  serializedVersion: 11
  m_GIWorkflowMode: 1
  m_GISettings:
    serializedVersion: 2
    m_BounceScale: 1
    m_IndirectOutputScale: 1
    m_AlbedoBoost: 1
    m_EnvironmentLightingMode: 0
    m_EnableBakedLightmaps: 0
    m_EnableRealtimeLightmaps: 0
  m_LightmapEditorSettings:
    serializedVersion: 10
    m_Resolution: 2
    m_BakeResolution: 40
    m_AtlasSize: 1024
    m_AO: 0
    m_AOMaxDistance: 1
    m_CompAOExponent: 1
    m_CompAOExponentDirect: 0
    m_Padding: 2
    m_LightmapParameters: {fileID: 0}
    m_LightmapsBakeMode: 1
    m_TextureCompression: 1
    m_FinalGather: 0
    m_FinalGatherFiltering: 1
    m_FinalGatherRayCount: 256
    m_ReflectionCompression: 2
    m_MixedBakeMode: 2
    m_BakeBackend: 1
    m_PVRSampling: 1
    m_PVRDirectSampleCount: 32
    m_PVRSampleCount: 500
    m_PVRBounces: 2
    m_PVRFilterTypeDirect: 0
    m_PVRFilterTypeIndirect: 0
    m_PVRFilterTypeAO: 0
    m_PVRFilteringMode: 1
    m_PVRCulling: 1
    m_PVRFilteringGaussRadiusDirect: 1
    m_PVRFilteringGaussRadiusIndirect: 5
    m_PVRFilteringGaussRadiusAO: 2
    m_PVRFilteringAtrousPositionSigmaDirect: 0.5
    m_PVRFilteringAtrousPositionSigmaIndirect: 2
    m_PVRFilteringAtrousPositionSigmaAO: 1
    m_ShowResolutionOverlay: 1
  m_LightingDataAsset: {fileID: 0}
  m_UseShadowmask: 1
--- !u!196 &4
NavMeshSettings:
  serializedVersion: 2
  m_ObjectHideFlags: 0
  m_BuildSettings:
    serializedVersion: 2
    agentTypeID: 0
    agentRadius: 0.5
    agentHeight: 2
    agentSlope: 45
    agentClimb: 0.4
    ledgeDropHeight: 0
    maxJumpAcrossDistance: 0
    minRegionArea: 2
    manualCellSize: 0
    cellSize: 0.16666667
    manualTileSize: 0
    tileSize: 256
    accuratePlacement: 0
    debug:
      m_Flags: 0
  m_NavMeshData: {fileID: 0}
--- !u!1 &5359715
GameObject:
  m_ObjectHideFlags: 0
  m_CorrespondingSourceObject: {fileID: 0}
  m_PrefabInstance: {fileID: 0}
  m_PrefabAsset: {fileID: 0}
  serializedVersion: 6
  m_Component:
  - component: {fileID: 5359718}
  - component: {fileID: 5359717}
  - component: {fileID: 5359716}
  m_Layer: 0
  m_Name: EventSystem
  m_TagString: Untagged
  m_Icon: {fileID: 0}
  m_NavMeshLayer: 0
  m_StaticEditorFlags: 0
  m_IsActive: 1
--- !u!114 &5359716
MonoBehaviour:
  m_ObjectHideFlags: 0
  m_CorrespondingSourceObject: {fileID: 0}
  m_PrefabInstance: {fileID: 0}
  m_PrefabAsset: {fileID: 0}
  m_GameObject: {fileID: 5359715}
  m_Enabled: 1
  m_EditorHideFlags: 0
  m_Script: {fileID: 1077351063, guid: f70555f144d8491a825f0804e09c671c, type: 3}
  m_Name: 
  m_EditorClassIdentifier: 
  m_HorizontalAxis: Horizontal
  m_VerticalAxis: Vertical
  m_SubmitButton: Submit
  m_CancelButton: Cancel
  m_InputActionsPerSecond: 10
  m_RepeatDelay: 0.5
  m_ForceModuleActive: 0
--- !u!114 &5359717
MonoBehaviour:
  m_ObjectHideFlags: 0
  m_CorrespondingSourceObject: {fileID: 0}
  m_PrefabInstance: {fileID: 0}
  m_PrefabAsset: {fileID: 0}
  m_GameObject: {fileID: 5359715}
  m_Enabled: 1
  m_EditorHideFlags: 0
  m_Script: {fileID: -619905303, guid: f70555f144d8491a825f0804e09c671c, type: 3}
  m_Name: 
  m_EditorClassIdentifier: 
  m_FirstSelected: {fileID: 0}
  m_sendNavigationEvents: 1
  m_DragThreshold: 10
--- !u!4 &5359718
Transform:
  m_ObjectHideFlags: 0
  m_CorrespondingSourceObject: {fileID: 0}
  m_PrefabInstance: {fileID: 0}
  m_PrefabAsset: {fileID: 0}
  m_GameObject: {fileID: 5359715}
  m_LocalRotation: {x: 0, y: 0, z: 0, w: 1}
  m_LocalPosition: {x: 0, y: 0, z: 0}
  m_LocalScale: {x: 1, y: 1, z: 1}
  m_Children: []
  m_Father: {fileID: 0}
  m_RootOrder: 2
  m_LocalEulerAnglesHint: {x: 0, y: 0, z: 0}
--- !u!1 &322832429
GameObject:
  m_ObjectHideFlags: 0
  m_CorrespondingSourceObject: {fileID: 0}
  m_PrefabInstance: {fileID: 0}
  m_PrefabAsset: {fileID: 0}
  serializedVersion: 6
  m_Component:
  - component: {fileID: 322832431}
  - component: {fileID: 322832430}
  m_Layer: 0
  m_Name: lodenstone backdrop
  m_TagString: Untagged
  m_Icon: {fileID: 0}
  m_NavMeshLayer: 0
  m_StaticEditorFlags: 0
  m_IsActive: 1
--- !u!212 &322832430
SpriteRenderer:
  m_ObjectHideFlags: 0
  m_CorrespondingSourceObject: {fileID: 0}
  m_PrefabInstance: {fileID: 0}
  m_PrefabAsset: {fileID: 0}
  m_GameObject: {fileID: 322832429}
  m_Enabled: 1
  m_CastShadows: 0
  m_ReceiveShadows: 0
  m_DynamicOccludee: 1
  m_MotionVectors: 1
  m_LightProbeUsage: 1
  m_ReflectionProbeUsage: 1
  m_RenderingLayerMask: 1
  m_RendererPriority: 0
  m_Materials:
  - {fileID: 10754, guid: 0000000000000000f000000000000000, type: 0}
  m_StaticBatchInfo:
    firstSubMesh: 0
    subMeshCount: 0
  m_StaticBatchRoot: {fileID: 0}
  m_ProbeAnchor: {fileID: 0}
  m_LightProbeVolumeOverride: {fileID: 0}
  m_ScaleInLightmap: 1
  m_PreserveUVs: 0
  m_IgnoreNormalsForChartDetection: 0
  m_ImportantGI: 0
  m_StitchLightmapSeams: 0
  m_SelectedEditorRenderState: 0
  m_MinimumChartSize: 4
  m_AutoUVMaxDistance: 0.5
  m_AutoUVMaxAngle: 89
  m_LightmapParameters: {fileID: 0}
  m_SortingLayerID: 0
  m_SortingLayer: 0
  m_SortingOrder: -5
  m_Sprite: {fileID: 21300000, guid: 8cbec7c370300534fa2e188736405502, type: 3}
  m_Color: {r: 1, g: 1, b: 1, a: 1}
  m_FlipX: 0
  m_FlipY: 0
  m_DrawMode: 0
  m_Size: {x: 14, y: 12}
  m_AdaptiveModeThreshold: 0.5
  m_SpriteTileMode: 0
  m_WasSpriteAssigned: 1
  m_MaskInteraction: 0
  m_SpriteSortPoint: 0
--- !u!4 &322832431
Transform:
  m_ObjectHideFlags: 0
  m_CorrespondingSourceObject: {fileID: 0}
  m_PrefabInstance: {fileID: 0}
  m_PrefabAsset: {fileID: 0}
  m_GameObject: {fileID: 322832429}
  m_LocalRotation: {x: -0, y: -0, z: -0, w: 1}
  m_LocalPosition: {x: 3.0794368, y: 3.0108607, z: 0}
  m_LocalScale: {x: 1, y: 1, z: 1}
  m_Children: []
  m_Father: {fileID: 0}
  m_RootOrder: 3
  m_LocalEulerAnglesHint: {x: 0, y: 0, z: 0}
--- !u!1 &583806881
GameObject:
  m_ObjectHideFlags: 0
  m_CorrespondingSourceObject: {fileID: 0}
  m_PrefabInstance: {fileID: 0}
  m_PrefabAsset: {fileID: 0}
  serializedVersion: 6
  m_Component:
  - component: {fileID: 583806883}
  - component: {fileID: 583806882}
  m_Layer: 0
  m_Name: ScenePersistant Info
  m_TagString: Untagged
  m_Icon: {fileID: -964228994112308473, guid: 0000000000000000d000000000000000, type: 0}
  m_NavMeshLayer: 0
  m_StaticEditorFlags: 0
  m_IsActive: 1
--- !u!114 &583806882
MonoBehaviour:
  m_ObjectHideFlags: 0
  m_CorrespondingSourceObject: {fileID: 0}
  m_PrefabInstance: {fileID: 0}
  m_PrefabAsset: {fileID: 0}
  m_GameObject: {fileID: 583806881}
  m_Enabled: 1
  m_EditorHideFlags: 0
  m_Script: {fileID: 11500000, guid: 344ff187d63799f46b82de99c819e497, type: 3}
  m_Name: 
  m_EditorClassIdentifier: 
  Player1Name: Player 1
  Player2Name: Player 2
  HideStones: 0
--- !u!4 &583806883
Transform:
  m_ObjectHideFlags: 0
  m_CorrespondingSourceObject: {fileID: 0}
  m_PrefabInstance: {fileID: 0}
  m_PrefabAsset: {fileID: 0}
  m_GameObject: {fileID: 583806881}
  m_LocalRotation: {x: 0, y: 0, z: 0, w: 1}
  m_LocalPosition: {x: -6.93, y: 8.52, z: 0}
  m_LocalScale: {x: 1, y: 1, z: 1}
  m_Children: []
  m_Father: {fileID: 0}
  m_RootOrder: 4
  m_LocalEulerAnglesHint: {x: 0, y: 0, z: 0}
--- !u!114 &1067287786 stripped
MonoBehaviour:
  m_CorrespondingSourceObject: {fileID: 2527314296692257944, guid: 41ef434c8ad526e489fa6c75715f8364,
    type: 3}
  m_PrefabInstance: {fileID: 1297285339467072350}
  m_PrefabAsset: {fileID: 0}
  m_GameObject: {fileID: 0}
  m_Enabled: 1
  m_EditorHideFlags: 0
  m_Script: {fileID: 11500000, guid: 40f1b04d9d676a240afb8b7e09353759, type: 3}
  m_Name: 
  m_EditorClassIdentifier: 
--- !u!1 &1533581447
GameObject:
  m_ObjectHideFlags: 0
  m_CorrespondingSourceObject: {fileID: 0}
  m_PrefabInstance: {fileID: 0}
  m_PrefabAsset: {fileID: 0}
  serializedVersion: 6
  m_Component:
  - component: {fileID: 1533581450}
  - component: {fileID: 1533581449}
  - component: {fileID: 1533581448}
  m_Layer: 0
  m_Name: Main Camera
  m_TagString: MainCamera
  m_Icon: {fileID: 0}
  m_NavMeshLayer: 0
  m_StaticEditorFlags: 0
  m_IsActive: 1
--- !u!81 &1533581448
AudioListener:
  m_ObjectHideFlags: 0
  m_CorrespondingSourceObject: {fileID: 0}
  m_PrefabInstance: {fileID: 0}
  m_PrefabAsset: {fileID: 0}
  m_GameObject: {fileID: 1533581447}
  m_Enabled: 1
--- !u!20 &1533581449
Camera:
  m_ObjectHideFlags: 0
  m_CorrespondingSourceObject: {fileID: 0}
  m_PrefabInstance: {fileID: 0}
  m_PrefabAsset: {fileID: 0}
  m_GameObject: {fileID: 1533581447}
  m_Enabled: 1
  serializedVersion: 2
  m_ClearFlags: 1
  m_BackGroundColor: {r: 0.028301895, g: 0.0028034896, b: 0.0028034896, a: 0}
  m_projectionMatrixMode: 1
  m_SensorSize: {x: 36, y: 24}
  m_LensShift: {x: 0, y: 0}
  m_GateFitMode: 2
  m_FocalLength: 50
  m_NormalizedViewPortRect:
    serializedVersion: 2
    x: 0
    y: 0
    width: 1
    height: 1
  near clip plane: 0
  far clip plane: 40
  field of view: 60
  orthographic: 1
  orthographic size: 6.3021955
  m_Depth: -1
  m_CullingMask:
    serializedVersion: 2
    m_Bits: 4294967295
  m_RenderingPath: -1
  m_TargetTexture: {fileID: 0}
  m_TargetDisplay: 0
  m_TargetEye: 3
  m_HDR: 1
  m_AllowMSAA: 1
  m_AllowDynamicResolution: 0
  m_ForceIntoRT: 0
  m_OcclusionCulling: 1
  m_StereoConvergence: 10
  m_StereoSeparation: 0.022
--- !u!4 &1533581450
Transform:
  m_ObjectHideFlags: 0
  m_CorrespondingSourceObject: {fileID: 0}
  m_PrefabInstance: {fileID: 0}
  m_PrefabAsset: {fileID: 0}
  m_GameObject: {fileID: 1533581447}
  m_LocalRotation: {x: -0, y: -0, z: -0, w: 1}
  m_LocalPosition: {x: 2.64, y: 2.85, z: -25.9}
  m_LocalScale: {x: 1, y: 1, z: 1}
  m_Children: []
  m_Father: {fileID: 0}
  m_RootOrder: 0
  m_LocalEulerAnglesHint: {x: 0, y: 0, z: 0}
--- !u!1001 &1297285339467072350
PrefabInstance:
  m_ObjectHideFlags: 0
  serializedVersion: 2
  m_Modification:
    m_TransformParent: {fileID: 0}
    m_Modifications:
    - target: {fileID: 1297285339217744949, guid: 41ef434c8ad526e489fa6c75715f8364,
        type: 3}
      propertyPath: m_Name
      value: LodenBoard
      objectReference: {fileID: 0}
    - target: {fileID: 1297285339217744947, guid: 41ef434c8ad526e489fa6c75715f8364,
        type: 3}
      propertyPath: m_LocalPosition.x
      value: 0
      objectReference: {fileID: 0}
    - target: {fileID: 1297285339217744947, guid: 41ef434c8ad526e489fa6c75715f8364,
        type: 3}
      propertyPath: m_LocalPosition.y
      value: 0
      objectReference: {fileID: 0}
    - target: {fileID: 1297285339217744947, guid: 41ef434c8ad526e489fa6c75715f8364,
        type: 3}
      propertyPath: m_LocalPosition.z
      value: 0
      objectReference: {fileID: 0}
    - target: {fileID: 1297285339217744947, guid: 41ef434c8ad526e489fa6c75715f8364,
        type: 3}
      propertyPath: m_LocalRotation.x
      value: 0
      objectReference: {fileID: 0}
    - target: {fileID: 1297285339217744947, guid: 41ef434c8ad526e489fa6c75715f8364,
        type: 3}
      propertyPath: m_LocalRotation.y
      value: 0
      objectReference: {fileID: 0}
    - target: {fileID: 1297285339217744947, guid: 41ef434c8ad526e489fa6c75715f8364,
        type: 3}
      propertyPath: m_LocalRotation.z
      value: 0
      objectReference: {fileID: 0}
    - target: {fileID: 1297285339217744947, guid: 41ef434c8ad526e489fa6c75715f8364,
        type: 3}
      propertyPath: m_LocalRotation.w
      value: 1
      objectReference: {fileID: 0}
    - target: {fileID: 1297285339217744947, guid: 41ef434c8ad526e489fa6c75715f8364,
        type: 3}
      propertyPath: m_RootOrder
      value: 1
      objectReference: {fileID: 0}
    - target: {fileID: 1297285339217744947, guid: 41ef434c8ad526e489fa6c75715f8364,
        type: 3}
      propertyPath: m_LocalEulerAnglesHint.x
      value: 0
      objectReference: {fileID: 0}
    - target: {fileID: 1297285339217744947, guid: 41ef434c8ad526e489fa6c75715f8364,
        type: 3}
      propertyPath: m_LocalEulerAnglesHint.y
      value: 0
      objectReference: {fileID: 0}
    - target: {fileID: 1297285339217744947, guid: 41ef434c8ad526e489fa6c75715f8364,
        type: 3}
      propertyPath: m_LocalEulerAnglesHint.z
      value: 0
      objectReference: {fileID: 0}
    - target: {fileID: 5590758459552479390, guid: 41ef434c8ad526e489fa6c75715f8364,
        type: 3}
      propertyPath: m_Camera
      value: 
      objectReference: {fileID: 1533581449}
    - target: {fileID: 1297285339217744946, guid: 41ef434c8ad526e489fa6c75715f8364,
        type: 3}
      propertyPath: m_Sprite
      value: 
      objectReference: {fileID: 0}
    - target: {fileID: 1297285339217744946, guid: 41ef434c8ad526e489fa6c75715f8364,
        type: 3}
      propertyPath: m_Size.x
      value: 14
      objectReference: {fileID: 0}
    - target: {fileID: 1297285339217744946, guid: 41ef434c8ad526e489fa6c75715f8364,
        type: 3}
      propertyPath: m_Size.y
      value: 12
      objectReference: {fileID: 0}
    - target: {fileID: 1297285339217744946, guid: 41ef434c8ad526e489fa6c75715f8364,
        type: 3}
      propertyPath: m_WasSpriteAssigned
      value: 0
      objectReference: {fileID: 0}
    - target: {fileID: 2131040686809915231, guid: 41ef434c8ad526e489fa6c75715f8364,
        type: 3}
      propertyPath: m_IsActive
      value: 0
      objectReference: {fileID: 0}
    - target: {fileID: 2623515871097023173, guid: 41ef434c8ad526e489fa6c75715f8364,
        type: 3}
      propertyPath: m_LocalPosition.x
      value: 4.5
      objectReference: {fileID: 0}
    - target: {fileID: 2623515871097023173, guid: 41ef434c8ad526e489fa6c75715f8364,
        type: 3}
      propertyPath: m_LocalScale.x
      value: 1
      objectReference: {fileID: 0}
    - target: {fileID: 2623515871097023173, guid: 41ef434c8ad526e489fa6c75715f8364,
        type: 3}
      propertyPath: m_LocalPosition.y
      value: 4.5
      objectReference: {fileID: 0}
    - target: {fileID: 2623515871097023173, guid: 41ef434c8ad526e489fa6c75715f8364,
        type: 3}
      propertyPath: m_LocalScale.y
      value: 1
      objectReference: {fileID: 0}
    - target: {fileID: 2623515871097023173, guid: 41ef434c8ad526e489fa6c75715f8364,
        type: 3}
      propertyPath: m_LocalScale.z
      value: 0
      objectReference: {fileID: 0}
    - target: {fileID: 7899172265927891672, guid: 41ef434c8ad526e489fa6c75715f8364,
        type: 3}
      propertyPath: m_Sprite
      value: 
      objectReference: {fileID: 21300000, guid: 049db6ac1c2a57f4d8e57ba6cac7bacd,
        type: 3}
    - target: {fileID: 7899172265927891672, guid: 41ef434c8ad526e489fa6c75715f8364,
        type: 3}
      propertyPath: m_Color.r
      value: 0.2969389
      objectReference: {fileID: 0}
    - target: {fileID: 7899172265927891672, guid: 41ef434c8ad526e489fa6c75715f8364,
        type: 3}
      propertyPath: m_Color.g
      value: 1
      objectReference: {fileID: 0}
    - target: {fileID: 7899172265927891672, guid: 41ef434c8ad526e489fa6c75715f8364,
        type: 3}
      propertyPath: m_Color.b
      value: 0
      objectReference: {fileID: 0}
    - target: {fileID: 7899172265927891672, guid: 41ef434c8ad526e489fa6c75715f8364,
        type: 3}
      propertyPath: m_Color.a
      value: 0.5882353
      objectReference: {fileID: 0}
    - target: {fileID: 7131913515139197782, guid: 41ef434c8ad526e489fa6c75715f8364,
        type: 3}
      propertyPath: m_IsActive
      value: 0
      objectReference: {fileID: 0}
    - target: {fileID: 2332423940586834174, guid: 41ef434c8ad526e489fa6c75715f8364,
        type: 3}
      propertyPath: m_LocalScale.x
      value: 1
      objectReference: {fileID: 0}
    - target: {fileID: 2332423940586834174, guid: 41ef434c8ad526e489fa6c75715f8364,
        type: 3}
      propertyPath: m_LocalScale.y
      value: 1
      objectReference: {fileID: 0}
    - target: {fileID: 2332423940586834174, guid: 41ef434c8ad526e489fa6c75715f8364,
        type: 3}
      propertyPath: m_LocalScale.z
      value: 1
      objectReference: {fileID: 0}
    - target: {fileID: 2332423940586834174, guid: 41ef434c8ad526e489fa6c75715f8364,
        type: 3}
      propertyPath: m_LocalPosition.x
      value: 1.5
      objectReference: {fileID: 0}
    - target: {fileID: 8300559816084894023, guid: 41ef434c8ad526e489fa6c75715f8364,
        type: 3}
      propertyPath: m_Sprite
      value: 
      objectReference: {fileID: 21300000, guid: 049db6ac1c2a57f4d8e57ba6cac7bacd,
        type: 3}
    - target: {fileID: 8300559816084894023, guid: 41ef434c8ad526e489fa6c75715f8364,
        type: 3}
      propertyPath: m_Color.r
      value: 0.2969389
      objectReference: {fileID: 0}
    - target: {fileID: 8300559816084894023, guid: 41ef434c8ad526e489fa6c75715f8364,
        type: 3}
      propertyPath: m_Color.g
      value: 1
      objectReference: {fileID: 0}
    - target: {fileID: 8300559816084894023, guid: 41ef434c8ad526e489fa6c75715f8364,
        type: 3}
      propertyPath: m_Color.b
      value: 0
      objectReference: {fileID: 0}
    - target: {fileID: 8300559816084894023, guid: 41ef434c8ad526e489fa6c75715f8364,
        type: 3}
      propertyPath: m_Color.a
      value: 0.5882353
      objectReference: {fileID: 0}
    - target: {fileID: 8785349646746107727, guid: 41ef434c8ad526e489fa6c75715f8364,
        type: 3}
      propertyPath: m_IsActive
      value: 0
      objectReference: {fileID: 0}
    - target: {fileID: 482003618916362020, guid: 41ef434c8ad526e489fa6c75715f8364,
        type: 3}
      propertyPath: m_LocalScale.x
      value: 1
      objectReference: {fileID: 0}
    - target: {fileID: 482003618916362020, guid: 41ef434c8ad526e489fa6c75715f8364,
        type: 3}
      propertyPath: m_LocalScale.y
      value: 1
      objectReference: {fileID: 0}
    - target: {fileID: 482003618916362020, guid: 41ef434c8ad526e489fa6c75715f8364,
        type: 3}
      propertyPath: m_LocalScale.z
      value: 1
      objectReference: {fileID: 0}
    - target: {fileID: 8222804475686195665, guid: 41ef434c8ad526e489fa6c75715f8364,
        type: 3}
      propertyPath: m_Sprite
      value: 
      objectReference: {fileID: 21300000, guid: 049db6ac1c2a57f4d8e57ba6cac7bacd,
        type: 3}
    - target: {fileID: 8222804475686195665, guid: 41ef434c8ad526e489fa6c75715f8364,
        type: 3}
      propertyPath: m_Color.r
      value: 0.2969389
      objectReference: {fileID: 0}
    - target: {fileID: 8222804475686195665, guid: 41ef434c8ad526e489fa6c75715f8364,
        type: 3}
      propertyPath: m_Color.g
      value: 1
      objectReference: {fileID: 0}
    - target: {fileID: 8222804475686195665, guid: 41ef434c8ad526e489fa6c75715f8364,
        type: 3}
      propertyPath: m_Color.b
      value: 0
      objectReference: {fileID: 0}
    - target: {fileID: 8222804475686195665, guid: 41ef434c8ad526e489fa6c75715f8364,
        type: 3}
      propertyPath: m_Color.a
      value: 0.5882353
      objectReference: {fileID: 0}
    - target: {fileID: 3687569854896111416, guid: 41ef434c8ad526e489fa6c75715f8364,
        type: 3}
      propertyPath: m_IsActive
      value: 0
      objectReference: {fileID: 0}
    - target: {fileID: 5559910377601408874, guid: 41ef434c8ad526e489fa6c75715f8364,
        type: 3}
      propertyPath: m_LocalScale.x
      value: 1
      objectReference: {fileID: 0}
    - target: {fileID: 5559910377601408874, guid: 41ef434c8ad526e489fa6c75715f8364,
        type: 3}
      propertyPath: m_LocalScale.y
      value: 1
      objectReference: {fileID: 0}
    - target: {fileID: 5559910377601408874, guid: 41ef434c8ad526e489fa6c75715f8364,
        type: 3}
      propertyPath: m_LocalScale.z
      value: 1.0051
      objectReference: {fileID: 0}
    - target: {fileID: 793109330718323292, guid: 41ef434c8ad526e489fa6c75715f8364,
        type: 3}
      propertyPath: m_Sprite
      value: 
      objectReference: {fileID: 21300000, guid: 049db6ac1c2a57f4d8e57ba6cac7bacd,
        type: 3}
    - target: {fileID: 793109330718323292, guid: 41ef434c8ad526e489fa6c75715f8364,
        type: 3}
      propertyPath: m_Color.r
      value: 0.2969389
      objectReference: {fileID: 0}
    - target: {fileID: 793109330718323292, guid: 41ef434c8ad526e489fa6c75715f8364,
        type: 3}
      propertyPath: m_Color.g
      value: 1
      objectReference: {fileID: 0}
    - target: {fileID: 793109330718323292, guid: 41ef434c8ad526e489fa6c75715f8364,
        type: 3}
      propertyPath: m_Color.b
      value: 0
      objectReference: {fileID: 0}
    - target: {fileID: 793109330718323292, guid: 41ef434c8ad526e489fa6c75715f8364,
        type: 3}
      propertyPath: m_Color.a
      value: 0.5882353
      objectReference: {fileID: 0}
    - target: {fileID: 584382252726735891, guid: 41ef434c8ad526e489fa6c75715f8364,
        type: 3}
      propertyPath: m_Name
      value: Options
      objectReference: {fileID: 0}
    - target: {fileID: 2822431957511218550, guid: 41ef434c8ad526e489fa6c75715f8364,
        type: 3}
      propertyPath: m_OnClick.m_PersistentCalls.m_Calls.Array.data[0].m_MethodName
      value: ShowMenu
      objectReference: {fileID: 0}
    - target: {fileID: 2822431957511218550, guid: 41ef434c8ad526e489fa6c75715f8364,
        type: 3}
      propertyPath: m_OnClick.m_PersistentCalls.m_Calls.Array.data[0].m_Arguments.m_ObjectArgumentAssemblyTypeName
      value: UnityEngine.Object, UnityEngine
      objectReference: {fileID: 0}
    - target: {fileID: 2822431957511218550, guid: 41ef434c8ad526e489fa6c75715f8364,
        type: 3}
      propertyPath: m_OnClick.m_PersistentCalls.m_Calls.Array.data[0].m_Target
      value: 
      objectReference: {fileID: 1067287786}
    - target: {fileID: 7862083368542911915, guid: 41ef434c8ad526e489fa6c75715f8364,
        type: 3}
      propertyPath: m_LocalScale.x
      value: 1
      objectReference: {fileID: 0}
    - target: {fileID: 7862083368542911915, guid: 41ef434c8ad526e489fa6c75715f8364,
        type: 3}
      propertyPath: m_LocalScale.y
      value: 1
      objectReference: {fileID: 0}
    - target: {fileID: 5756214471821404202, guid: 41ef434c8ad526e489fa6c75715f8364,
        type: 3}
      propertyPath: m_LocalScale.x
      value: 1
      objectReference: {fileID: 0}
    - target: {fileID: 5756214471821404202, guid: 41ef434c8ad526e489fa6c75715f8364,
        type: 3}
      propertyPath: m_LocalScale.y
      value: 1
      objectReference: {fileID: 0}
    - target: {fileID: 7587741465744540668, guid: 41ef434c8ad526e489fa6c75715f8364,
        type: 3}
      propertyPath: m_LocalScale.x
      value: 1
      objectReference: {fileID: 0}
    - target: {fileID: 7587741465744540668, guid: 41ef434c8ad526e489fa6c75715f8364,
        type: 3}
      propertyPath: m_LocalScale.y
      value: 1
      objectReference: {fileID: 0}
    - target: {fileID: 1099079060297945058, guid: 41ef434c8ad526e489fa6c75715f8364,
        type: 3}
      propertyPath: m_LocalScale.x
      value: 1
      objectReference: {fileID: 0}
    - target: {fileID: 1099079060297945058, guid: 41ef434c8ad526e489fa6c75715f8364,
        type: 3}
      propertyPath: m_LocalScale.y
      value: 1
      objectReference: {fileID: 0}
    - target: {fileID: 3103927972664456423, guid: 41ef434c8ad526e489fa6c75715f8364,
        type: 3}
      propertyPath: m_LocalScale.x
      value: 1
      objectReference: {fileID: 0}
    - target: {fileID: 3103927972664456423, guid: 41ef434c8ad526e489fa6c75715f8364,
        type: 3}
      propertyPath: m_LocalScale.y
      value: 1
      objectReference: {fileID: 0}
    - target: {fileID: 6498222548338377214, guid: 41ef434c8ad526e489fa6c75715f8364,
        type: 3}
      propertyPath: m_LocalScale.x
      value: 1
      objectReference: {fileID: 0}
    - target: {fileID: 6498222548338377214, guid: 41ef434c8ad526e489fa6c75715f8364,
        type: 3}
      propertyPath: m_LocalScale.y
      value: 1
      objectReference: {fileID: 0}
    - target: {fileID: 2213999320035418194, guid: 41ef434c8ad526e489fa6c75715f8364,
        type: 3}
      propertyPath: m_LocalScale.x
      value: 1
      objectReference: {fileID: 0}
    - target: {fileID: 2213999320035418194, guid: 41ef434c8ad526e489fa6c75715f8364,
        type: 3}
      propertyPath: m_LocalScale.y
      value: 1
      objectReference: {fileID: 0}
    - target: {fileID: 6677564661761473852, guid: 41ef434c8ad526e489fa6c75715f8364,
        type: 3}
      propertyPath: m_LocalScale.x
      value: 1
      objectReference: {fileID: 0}
    - target: {fileID: 6677564661761473852, guid: 41ef434c8ad526e489fa6c75715f8364,
        type: 3}
      propertyPath: m_LocalScale.y
      value: 1
      objectReference: {fileID: 0}
    - target: {fileID: 2315227824169340638, guid: 41ef434c8ad526e489fa6c75715f8364,
        type: 3}
      propertyPath: m_LocalScale.x
      value: 1
      objectReference: {fileID: 0}
    - target: {fileID: 2315227824169340638, guid: 41ef434c8ad526e489fa6c75715f8364,
        type: 3}
      propertyPath: m_LocalScale.y
      value: 1
      objectReference: {fileID: 0}
    - target: {fileID: 5316223102643651247, guid: 41ef434c8ad526e489fa6c75715f8364,
        type: 3}
      propertyPath: m_LocalScale.x
      value: 1
      objectReference: {fileID: 0}
    - target: {fileID: 5316223102643651247, guid: 41ef434c8ad526e489fa6c75715f8364,
        type: 3}
      propertyPath: m_LocalScale.y
      value: 1
      objectReference: {fileID: 0}
    - target: {fileID: 3381116456481099061, guid: 41ef434c8ad526e489fa6c75715f8364,
        type: 3}
      propertyPath: m_LocalScale.x
      value: 1
      objectReference: {fileID: 0}
    - target: {fileID: 3381116456481099061, guid: 41ef434c8ad526e489fa6c75715f8364,
        type: 3}
      propertyPath: m_LocalScale.y
      value: 1
      objectReference: {fileID: 0}
    - target: {fileID: 6399855185578083316, guid: 41ef434c8ad526e489fa6c75715f8364,
        type: 3}
      propertyPath: m_LocalScale.x
      value: 1
      objectReference: {fileID: 0}
    - target: {fileID: 6399855185578083316, guid: 41ef434c8ad526e489fa6c75715f8364,
        type: 3}
      propertyPath: m_LocalScale.y
      value: 1
      objectReference: {fileID: 0}
    - target: {fileID: 4244804487127073504, guid: 41ef434c8ad526e489fa6c75715f8364,
        type: 3}
      propertyPath: m_LocalScale.x
      value: 1
      objectReference: {fileID: 0}
    - target: {fileID: 4244804487127073504, guid: 41ef434c8ad526e489fa6c75715f8364,
        type: 3}
      propertyPath: m_LocalScale.y
      value: 1
      objectReference: {fileID: 0}
    - target: {fileID: 9042352013728450447, guid: 41ef434c8ad526e489fa6c75715f8364,
        type: 3}
      propertyPath: m_LocalScale.x
      value: 1
      objectReference: {fileID: 0}
    - target: {fileID: 9042352013728450447, guid: 41ef434c8ad526e489fa6c75715f8364,
        type: 3}
      propertyPath: m_LocalScale.y
      value: 1
      objectReference: {fileID: 0}
    - target: {fileID: 3552566423955482516, guid: 41ef434c8ad526e489fa6c75715f8364,
        type: 3}
      propertyPath: m_LocalScale.x
      value: 1
      objectReference: {fileID: 0}
    - target: {fileID: 3552566423955482516, guid: 41ef434c8ad526e489fa6c75715f8364,
        type: 3}
      propertyPath: m_LocalScale.y
      value: 1
      objectReference: {fileID: 0}
    - target: {fileID: 5311837270018269716, guid: 41ef434c8ad526e489fa6c75715f8364,
        type: 3}
      propertyPath: m_LocalScale.x
      value: 1
      objectReference: {fileID: 0}
    - target: {fileID: 5311837270018269716, guid: 41ef434c8ad526e489fa6c75715f8364,
        type: 3}
      propertyPath: m_LocalScale.y
      value: 1
      objectReference: {fileID: 0}
    - target: {fileID: 331773549443548353, guid: 41ef434c8ad526e489fa6c75715f8364,
        type: 3}
      propertyPath: m_LocalScale.x
      value: 1
      objectReference: {fileID: 0}
    - target: {fileID: 331773549443548353, guid: 41ef434c8ad526e489fa6c75715f8364,
        type: 3}
      propertyPath: m_LocalScale.y
      value: 1
      objectReference: {fileID: 0}
    - target: {fileID: 451896536245295632, guid: 41ef434c8ad526e489fa6c75715f8364,
        type: 3}
      propertyPath: m_LocalScale.x
      value: 1
      objectReference: {fileID: 0}
    - target: {fileID: 451896536245295632, guid: 41ef434c8ad526e489fa6c75715f8364,
        type: 3}
      propertyPath: m_LocalScale.y
      value: 1
      objectReference: {fileID: 0}
    - target: {fileID: 8840797660558663141, guid: 41ef434c8ad526e489fa6c75715f8364,
        type: 3}
      propertyPath: m_LocalScale.x
      value: 1
      objectReference: {fileID: 0}
    - target: {fileID: 8840797660558663141, guid: 41ef434c8ad526e489fa6c75715f8364,
        type: 3}
      propertyPath: m_LocalScale.y
      value: 1
      objectReference: {fileID: 0}
    - target: {fileID: 6512253433166057200, guid: 41ef434c8ad526e489fa6c75715f8364,
        type: 3}
      propertyPath: m_LocalScale.x
      value: 1
      objectReference: {fileID: 0}
    - target: {fileID: 6512253433166057200, guid: 41ef434c8ad526e489fa6c75715f8364,
        type: 3}
      propertyPath: m_LocalScale.y
      value: 1
      objectReference: {fileID: 0}
    - target: {fileID: 5253179718617213275, guid: 41ef434c8ad526e489fa6c75715f8364,
        type: 3}
      propertyPath: m_LocalScale.x
      value: 1
      objectReference: {fileID: 0}
    - target: {fileID: 5253179718617213275, guid: 41ef434c8ad526e489fa6c75715f8364,
        type: 3}
      propertyPath: m_LocalScale.y
      value: 1
      objectReference: {fileID: 0}
    - target: {fileID: 685526951246473383, guid: 41ef434c8ad526e489fa6c75715f8364,
        type: 3}
      propertyPath: m_LocalScale.x
      value: 1
      objectReference: {fileID: 0}
    - target: {fileID: 685526951246473383, guid: 41ef434c8ad526e489fa6c75715f8364,
        type: 3}
      propertyPath: m_LocalScale.y
      value: 1
      objectReference: {fileID: 0}
    - target: {fileID: 8241402714405592947, guid: 41ef434c8ad526e489fa6c75715f8364,
        type: 3}
      propertyPath: m_LocalScale.x
      value: 1
      objectReference: {fileID: 0}
    - target: {fileID: 8241402714405592947, guid: 41ef434c8ad526e489fa6c75715f8364,
        type: 3}
      propertyPath: m_LocalScale.y
      value: 1
      objectReference: {fileID: 0}
    - target: {fileID: 2743364930697315886, guid: 41ef434c8ad526e489fa6c75715f8364,
        type: 3}
      propertyPath: m_LocalScale.x
      value: 1
      objectReference: {fileID: 0}
    - target: {fileID: 2743364930697315886, guid: 41ef434c8ad526e489fa6c75715f8364,
        type: 3}
      propertyPath: m_LocalScale.y
      value: 1
      objectReference: {fileID: 0}
    - target: {fileID: 7454290452541104419, guid: 41ef434c8ad526e489fa6c75715f8364,
        type: 3}
      propertyPath: m_LocalScale.x
      value: 1
      objectReference: {fileID: 0}
    - target: {fileID: 7454290452541104419, guid: 41ef434c8ad526e489fa6c75715f8364,
        type: 3}
      propertyPath: m_LocalScale.y
      value: 1
      objectReference: {fileID: 0}
    - target: {fileID: 8567335326609603674, guid: 41ef434c8ad526e489fa6c75715f8364,
        type: 3}
      propertyPath: m_LocalScale.x
      value: 1
      objectReference: {fileID: 0}
    - target: {fileID: 8567335326609603674, guid: 41ef434c8ad526e489fa6c75715f8364,
        type: 3}
      propertyPath: m_LocalScale.y
      value: 1
      objectReference: {fileID: 0}
    - target: {fileID: 4685868235680054695, guid: 41ef434c8ad526e489fa6c75715f8364,
        type: 3}
      propertyPath: m_LocalScale.x
      value: 1
      objectReference: {fileID: 0}
    - target: {fileID: 4685868235680054695, guid: 41ef434c8ad526e489fa6c75715f8364,
        type: 3}
      propertyPath: m_LocalScale.y
      value: 1
      objectReference: {fileID: 0}
    - target: {fileID: 8108462596991170219, guid: 41ef434c8ad526e489fa6c75715f8364,
        type: 3}
      propertyPath: m_LocalScale.x
      value: 1
      objectReference: {fileID: 0}
    - target: {fileID: 8108462596991170219, guid: 41ef434c8ad526e489fa6c75715f8364,
        type: 3}
      propertyPath: m_LocalScale.y
      value: 1
      objectReference: {fileID: 0}
    - target: {fileID: 3655746615067498384, guid: 41ef434c8ad526e489fa6c75715f8364,
        type: 3}
      propertyPath: m_LocalScale.x
      value: 1
      objectReference: {fileID: 0}
    - target: {fileID: 3655746615067498384, guid: 41ef434c8ad526e489fa6c75715f8364,
        type: 3}
      propertyPath: m_LocalScale.y
      value: 1
      objectReference: {fileID: 0}
    - target: {fileID: 3266711677348937151, guid: 41ef434c8ad526e489fa6c75715f8364,
        type: 3}
      propertyPath: m_LocalScale.x
      value: 1
      objectReference: {fileID: 0}
    - target: {fileID: 3266711677348937151, guid: 41ef434c8ad526e489fa6c75715f8364,
        type: 3}
      propertyPath: m_LocalScale.y
      value: 1
      objectReference: {fileID: 0}
    - target: {fileID: 2597739576426870257, guid: 41ef434c8ad526e489fa6c75715f8364,
        type: 3}
      propertyPath: m_LocalScale.x
      value: 1
      objectReference: {fileID: 0}
    - target: {fileID: 2597739576426870257, guid: 41ef434c8ad526e489fa6c75715f8364,
        type: 3}
      propertyPath: m_LocalScale.y
      value: 1
      objectReference: {fileID: 0}
    - target: {fileID: 5811826096645502508, guid: 41ef434c8ad526e489fa6c75715f8364,
        type: 3}
      propertyPath: m_LocalScale.x
      value: 1
      objectReference: {fileID: 0}
    - target: {fileID: 5811826096645502508, guid: 41ef434c8ad526e489fa6c75715f8364,
        type: 3}
      propertyPath: m_LocalScale.y
      value: 1
      objectReference: {fileID: 0}
    - target: {fileID: 6990976327573553546, guid: 41ef434c8ad526e489fa6c75715f8364,
        type: 3}
      propertyPath: m_LocalScale.x
      value: 1
      objectReference: {fileID: 0}
    - target: {fileID: 6990976327573553546, guid: 41ef434c8ad526e489fa6c75715f8364,
        type: 3}
      propertyPath: m_LocalScale.y
      value: 1
      objectReference: {fileID: 0}
    - target: {fileID: 4611203492335016552, guid: 41ef434c8ad526e489fa6c75715f8364,
        type: 3}
      propertyPath: m_LocalScale.x
      value: 1
      objectReference: {fileID: 0}
    - target: {fileID: 4611203492335016552, guid: 41ef434c8ad526e489fa6c75715f8364,
        type: 3}
      propertyPath: m_LocalScale.y
      value: 1
      objectReference: {fileID: 0}
    - target: {fileID: 3064153765722910046, guid: 41ef434c8ad526e489fa6c75715f8364,
        type: 3}
      propertyPath: m_LocalScale.x
      value: 1
      objectReference: {fileID: 0}
    - target: {fileID: 3064153765722910046, guid: 41ef434c8ad526e489fa6c75715f8364,
        type: 3}
      propertyPath: m_LocalScale.y
      value: 1
      objectReference: {fileID: 0}
    - target: {fileID: 2956076397570435882, guid: 41ef434c8ad526e489fa6c75715f8364,
        type: 3}
      propertyPath: m_LocalPosition.x
      value: -0.5
      objectReference: {fileID: 0}
    - target: {fileID: 2956076397570435882, guid: 41ef434c8ad526e489fa6c75715f8364,
        type: 3}
      propertyPath: m_LocalPosition.y
      value: 1.5
      objectReference: {fileID: 0}
    - target: {fileID: 2103212273380240281, guid: 41ef434c8ad526e489fa6c75715f8364,
        type: 3}
      propertyPath: m_LocalPosition.x
      value: -0.5
      objectReference: {fileID: 0}
    - target: {fileID: 2103212273380240281, guid: 41ef434c8ad526e489fa6c75715f8364,
        type: 3}
      propertyPath: m_LocalPosition.y
      value: 2.5
      objectReference: {fileID: 0}
    - target: {fileID: 3988944426501285925, guid: 41ef434c8ad526e489fa6c75715f8364,
        type: 3}
      propertyPath: m_LocalPosition.z
      value: 0
      objectReference: {fileID: 0}
    - target: {fileID: 3988944426501285925, guid: 41ef434c8ad526e489fa6c75715f8364,
        type: 3}
      propertyPath: m_LocalPosition.x
      value: 7.5
      objectReference: {fileID: 0}
    - target: {fileID: 3988944426501285925, guid: 41ef434c8ad526e489fa6c75715f8364,
        type: 3}
      propertyPath: m_LocalPosition.y
      value: 5.5
      objectReference: {fileID: 0}
    - target: {fileID: 408341060666615225, guid: 41ef434c8ad526e489fa6c75715f8364,
        type: 3}
      propertyPath: m_LocalPosition.y
      value: 0
      objectReference: {fileID: 0}
    - target: {fileID: 408341060666615225, guid: 41ef434c8ad526e489fa6c75715f8364,
        type: 3}
      propertyPath: m_LocalPosition.z
      value: 0.167
      objectReference: {fileID: 0}
    - target: {fileID: 303785277327897080, guid: 41ef434c8ad526e489fa6c75715f8364,
        type: 3}
      propertyPath: m_Size.x
      value: 1
      objectReference: {fileID: 0}
    - target: {fileID: 303785277327897080, guid: 41ef434c8ad526e489fa6c75715f8364,
        type: 3}
      propertyPath: m_Size.y
      value: 1
      objectReference: {fileID: 0}
    - target: {fileID: 497793795518770985, guid: 41ef434c8ad526e489fa6c75715f8364,
        type: 3}
      propertyPath: m_Size.x
      value: 1
      objectReference: {fileID: 0}
    - target: {fileID: 497793795518770985, guid: 41ef434c8ad526e489fa6c75715f8364,
        type: 3}
      propertyPath: m_Size.y
      value: 1
      objectReference: {fileID: 0}
    - target: {fileID: 661618417407352222, guid: 41ef434c8ad526e489fa6c75715f8364,
        type: 3}
      propertyPath: m_Size.x
      value: 1
      objectReference: {fileID: 0}
    - target: {fileID: 661618417407352222, guid: 41ef434c8ad526e489fa6c75715f8364,
        type: 3}
      propertyPath: m_Size.y
      value: 1
      objectReference: {fileID: 0}
    - target: {fileID: 1147652394676026075, guid: 41ef434c8ad526e489fa6c75715f8364,
        type: 3}
      propertyPath: m_Size.x
      value: 1
      objectReference: {fileID: 0}
    - target: {fileID: 1147652394676026075, guid: 41ef434c8ad526e489fa6c75715f8364,
        type: 3}
      propertyPath: m_Size.y
      value: 1
      objectReference: {fileID: 0}
    - target: {fileID: 2167434243750335851, guid: 41ef434c8ad526e489fa6c75715f8364,
        type: 3}
      propertyPath: m_Size.x
      value: 1
      objectReference: {fileID: 0}
    - target: {fileID: 2167434243750335851, guid: 41ef434c8ad526e489fa6c75715f8364,
        type: 3}
      propertyPath: m_Size.y
      value: 1
      objectReference: {fileID: 0}
    - target: {fileID: 2345432163242851303, guid: 41ef434c8ad526e489fa6c75715f8364,
        type: 3}
      propertyPath: m_Size.x
      value: 1
      objectReference: {fileID: 0}
    - target: {fileID: 2345432163242851303, guid: 41ef434c8ad526e489fa6c75715f8364,
        type: 3}
      propertyPath: m_Size.y
      value: 1
      objectReference: {fileID: 0}
    - target: {fileID: 2639381172145012936, guid: 41ef434c8ad526e489fa6c75715f8364,
        type: 3}
      propertyPath: m_Size.x
      value: 1
      objectReference: {fileID: 0}
    - target: {fileID: 2639381172145012936, guid: 41ef434c8ad526e489fa6c75715f8364,
        type: 3}
      propertyPath: m_Size.y
      value: 1
      objectReference: {fileID: 0}
    - target: {fileID: 2792111433114006295, guid: 41ef434c8ad526e489fa6c75715f8364,
        type: 3}
      propertyPath: m_Size.x
      value: 1
      objectReference: {fileID: 0}
    - target: {fileID: 2792111433114006295, guid: 41ef434c8ad526e489fa6c75715f8364,
        type: 3}
      propertyPath: m_Size.y
      value: 1
      objectReference: {fileID: 0}
    - target: {fileID: 3038802530826819687, guid: 41ef434c8ad526e489fa6c75715f8364,
        type: 3}
      propertyPath: m_Size.x
      value: 1
      objectReference: {fileID: 0}
    - target: {fileID: 3038802530826819687, guid: 41ef434c8ad526e489fa6c75715f8364,
        type: 3}
      propertyPath: m_Size.y
      value: 1
      objectReference: {fileID: 0}
    - target: {fileID: 3152149594792215006, guid: 41ef434c8ad526e489fa6c75715f8364,
        type: 3}
      propertyPath: m_Size.x
      value: 1
      objectReference: {fileID: 0}
    - target: {fileID: 3152149594792215006, guid: 41ef434c8ad526e489fa6c75715f8364,
        type: 3}
      propertyPath: m_Size.y
      value: 1
      objectReference: {fileID: 0}
    - target: {fileID: 3312469710631307398, guid: 41ef434c8ad526e489fa6c75715f8364,
        type: 3}
      propertyPath: m_Size.x
      value: 1
      objectReference: {fileID: 0}
    - target: {fileID: 3312469710631307398, guid: 41ef434c8ad526e489fa6c75715f8364,
        type: 3}
      propertyPath: m_Size.y
      value: 1
      objectReference: {fileID: 0}
    - target: {fileID: 3333176991697598476, guid: 41ef434c8ad526e489fa6c75715f8364,
        type: 3}
      propertyPath: m_Size.x
      value: 1
      objectReference: {fileID: 0}
    - target: {fileID: 3333176991697598476, guid: 41ef434c8ad526e489fa6c75715f8364,
        type: 3}
      propertyPath: m_Size.y
      value: 1
      objectReference: {fileID: 0}
    - target: {fileID: 3594067149145232045, guid: 41ef434c8ad526e489fa6c75715f8364,
        type: 3}
      propertyPath: m_Size.x
      value: 1
      objectReference: {fileID: 0}
    - target: {fileID: 3594067149145232045, guid: 41ef434c8ad526e489fa6c75715f8364,
        type: 3}
      propertyPath: m_Size.y
      value: 1
      objectReference: {fileID: 0}
    - target: {fileID: 3609111174861562537, guid: 41ef434c8ad526e489fa6c75715f8364,
        type: 3}
      propertyPath: m_Size.x
      value: 1
      objectReference: {fileID: 0}
    - target: {fileID: 3609111174861562537, guid: 41ef434c8ad526e489fa6c75715f8364,
        type: 3}
      propertyPath: m_Size.y
      value: 1
      objectReference: {fileID: 0}
    - target: {fileID: 4198870393581926361, guid: 41ef434c8ad526e489fa6c75715f8364,
        type: 3}
      propertyPath: m_Size.x
      value: 1
      objectReference: {fileID: 0}
    - target: {fileID: 4198870393581926361, guid: 41ef434c8ad526e489fa6c75715f8364,
        type: 3}
      propertyPath: m_Size.y
      value: 1
      objectReference: {fileID: 0}
    - target: {fileID: 4563193662602751825, guid: 41ef434c8ad526e489fa6c75715f8364,
        type: 3}
      propertyPath: m_Size.x
      value: 1
      objectReference: {fileID: 0}
    - target: {fileID: 4563193662602751825, guid: 41ef434c8ad526e489fa6c75715f8364,
        type: 3}
      propertyPath: m_Size.y
      value: 1
      objectReference: {fileID: 0}
    - target: {fileID: 4731731822501005470, guid: 41ef434c8ad526e489fa6c75715f8364,
        type: 3}
      propertyPath: m_Size.x
      value: 1
      objectReference: {fileID: 0}
    - target: {fileID: 4731731822501005470, guid: 41ef434c8ad526e489fa6c75715f8364,
        type: 3}
      propertyPath: m_Size.y
      value: 1
      objectReference: {fileID: 0}
    - target: {fileID: 5095415600881861510, guid: 41ef434c8ad526e489fa6c75715f8364,
        type: 3}
      propertyPath: m_Size.x
      value: 1
      objectReference: {fileID: 0}
    - target: {fileID: 5095415600881861510, guid: 41ef434c8ad526e489fa6c75715f8364,
        type: 3}
      propertyPath: m_Size.y
      value: 1
      objectReference: {fileID: 0}
    - target: {fileID: 5209251139070745698, guid: 41ef434c8ad526e489fa6c75715f8364,
        type: 3}
      propertyPath: m_Size.x
      value: 1
      objectReference: {fileID: 0}
    - target: {fileID: 5209251139070745698, guid: 41ef434c8ad526e489fa6c75715f8364,
        type: 3}
      propertyPath: m_Size.y
      value: 1
      objectReference: {fileID: 0}
    - target: {fileID: 5267697030367926061, guid: 41ef434c8ad526e489fa6c75715f8364,
        type: 3}
      propertyPath: m_Size.x
      value: 1
      objectReference: {fileID: 0}
    - target: {fileID: 5267697030367926061, guid: 41ef434c8ad526e489fa6c75715f8364,
        type: 3}
      propertyPath: m_Size.y
      value: 1
      objectReference: {fileID: 0}
    - target: {fileID: 5290311116942456726, guid: 41ef434c8ad526e489fa6c75715f8364,
        type: 3}
      propertyPath: m_Size.x
      value: 1
      objectReference: {fileID: 0}
    - target: {fileID: 5290311116942456726, guid: 41ef434c8ad526e489fa6c75715f8364,
        type: 3}
      propertyPath: m_Size.y
      value: 1
      objectReference: {fileID: 0}
    - target: {fileID: 5715032471314881811, guid: 41ef434c8ad526e489fa6c75715f8364,
        type: 3}
      propertyPath: m_Size.x
      value: 1
      objectReference: {fileID: 0}
    - target: {fileID: 5715032471314881811, guid: 41ef434c8ad526e489fa6c75715f8364,
        type: 3}
      propertyPath: m_Size.y
      value: 1
      objectReference: {fileID: 0}
    - target: {fileID: 5767475437341836053, guid: 41ef434c8ad526e489fa6c75715f8364,
        type: 3}
      propertyPath: m_Size.x
      value: 1
      objectReference: {fileID: 0}
    - target: {fileID: 5767475437341836053, guid: 41ef434c8ad526e489fa6c75715f8364,
        type: 3}
      propertyPath: m_Size.y
      value: 1
      objectReference: {fileID: 0}
    - target: {fileID: 6376300143611328205, guid: 41ef434c8ad526e489fa6c75715f8364,
        type: 3}
      propertyPath: m_Size.x
      value: 1
      objectReference: {fileID: 0}
    - target: {fileID: 6376300143611328205, guid: 41ef434c8ad526e489fa6c75715f8364,
        type: 3}
      propertyPath: m_Size.y
      value: 1
      objectReference: {fileID: 0}
    - target: {fileID: 6522236636947805383, guid: 41ef434c8ad526e489fa6c75715f8364,
        type: 3}
      propertyPath: m_Size.x
      value: 1
      objectReference: {fileID: 0}
    - target: {fileID: 6522236636947805383, guid: 41ef434c8ad526e489fa6c75715f8364,
        type: 3}
      propertyPath: m_Size.y
      value: 1
      objectReference: {fileID: 0}
    - target: {fileID: 6543126277925452745, guid: 41ef434c8ad526e489fa6c75715f8364,
        type: 3}
      propertyPath: m_Size.x
      value: 1
      objectReference: {fileID: 0}
    - target: {fileID: 6543126277925452745, guid: 41ef434c8ad526e489fa6c75715f8364,
        type: 3}
      propertyPath: m_Size.y
      value: 1
      objectReference: {fileID: 0}
    - target: {fileID: 6631138128194504709, guid: 41ef434c8ad526e489fa6c75715f8364,
        type: 3}
      propertyPath: m_Size.x
      value: 1
      objectReference: {fileID: 0}
    - target: {fileID: 6631138128194504709, guid: 41ef434c8ad526e489fa6c75715f8364,
        type: 3}
      propertyPath: m_Size.y
      value: 1
      objectReference: {fileID: 0}
    - target: {fileID: 7037189696975582387, guid: 41ef434c8ad526e489fa6c75715f8364,
        type: 3}
      propertyPath: m_Size.x
      value: 1
      objectReference: {fileID: 0}
    - target: {fileID: 7037189696975582387, guid: 41ef434c8ad526e489fa6c75715f8364,
        type: 3}
      propertyPath: m_Size.y
      value: 1
      objectReference: {fileID: 0}
    - target: {fileID: 7484706589231223834, guid: 41ef434c8ad526e489fa6c75715f8364,
        type: 3}
      propertyPath: m_Size.x
      value: 1
      objectReference: {fileID: 0}
    - target: {fileID: 7484706589231223834, guid: 41ef434c8ad526e489fa6c75715f8364,
        type: 3}
      propertyPath: m_Size.y
      value: 1
      objectReference: {fileID: 0}
    - target: {fileID: 7629348431351248581, guid: 41ef434c8ad526e489fa6c75715f8364,
        type: 3}
      propertyPath: m_Size.x
      value: 1
      objectReference: {fileID: 0}
    - target: {fileID: 7629348431351248581, guid: 41ef434c8ad526e489fa6c75715f8364,
        type: 3}
      propertyPath: m_Size.y
      value: 1
      objectReference: {fileID: 0}
    - target: {fileID: 7905588090719881362, guid: 41ef434c8ad526e489fa6c75715f8364,
        type: 3}
      propertyPath: m_Size.x
      value: 1
      objectReference: {fileID: 0}
    - target: {fileID: 7905588090719881362, guid: 41ef434c8ad526e489fa6c75715f8364,
        type: 3}
      propertyPath: m_Size.y
      value: 1
      objectReference: {fileID: 0}
    - target: {fileID: 8082548000055378834, guid: 41ef434c8ad526e489fa6c75715f8364,
        type: 3}
      propertyPath: m_Size.x
      value: 1
      objectReference: {fileID: 0}
    - target: {fileID: 8082548000055378834, guid: 41ef434c8ad526e489fa6c75715f8364,
        type: 3}
      propertyPath: m_Size.y
      value: 1
      objectReference: {fileID: 0}
    - target: {fileID: 8282868800726936138, guid: 41ef434c8ad526e489fa6c75715f8364,
        type: 3}
      propertyPath: m_Size.x
      value: 1
      objectReference: {fileID: 0}
    - target: {fileID: 8282868800726936138, guid: 41ef434c8ad526e489fa6c75715f8364,
        type: 3}
      propertyPath: m_Size.y
      value: 1
      objectReference: {fileID: 0}
    - target: {fileID: 8523268207498430819, guid: 41ef434c8ad526e489fa6c75715f8364,
        type: 3}
      propertyPath: m_Size.x
      value: 1
      objectReference: {fileID: 0}
    - target: {fileID: 8523268207498430819, guid: 41ef434c8ad526e489fa6c75715f8364,
        type: 3}
      propertyPath: m_Size.y
      value: 1
      objectReference: {fileID: 0}
    - target: {fileID: 8799228765212207324, guid: 41ef434c8ad526e489fa6c75715f8364,
        type: 3}
      propertyPath: m_Size.x
      value: 1
      objectReference: {fileID: 0}
    - target: {fileID: 8799228765212207324, guid: 41ef434c8ad526e489fa6c75715f8364,
        type: 3}
      propertyPath: m_Size.y
      value: 1
      objectReference: {fileID: 0}
    - target: {fileID: 9066047793750733494, guid: 41ef434c8ad526e489fa6c75715f8364,
        type: 3}
      propertyPath: m_Size.x
      value: 1
      objectReference: {fileID: 0}
    - target: {fileID: 9066047793750733494, guid: 41ef434c8ad526e489fa6c75715f8364,
        type: 3}
      propertyPath: m_Size.y
      value: 1
      objectReference: {fileID: 0}
    - target: {fileID: 278914811, guid: 41ef434c8ad526e489fa6c75715f8364, type: 3}
      propertyPath: m_IsActive
      value: 0
      objectReference: {fileID: 0}
    - target: {fileID: 2113607821855546698, guid: 41ef434c8ad526e489fa6c75715f8364,
        type: 3}
      propertyPath: m_FontData.m_BestFit
      value: 0
      objectReference: {fileID: 0}
    - target: {fileID: 2113607821855546698, guid: 41ef434c8ad526e489fa6c75715f8364,
        type: 3}
      propertyPath: m_FontData.m_FontSize
      value: 28
      objectReference: {fileID: 0}
    - target: {fileID: 2113607821855546698, guid: 41ef434c8ad526e489fa6c75715f8364,
        type: 3}
      propertyPath: m_FontData.m_MinSize
      value: 0
      objectReference: {fileID: 0}
    - target: {fileID: 2113607821855546698, guid: 41ef434c8ad526e489fa6c75715f8364,
        type: 3}
      propertyPath: m_FontData.m_MaxSize
      value: 55
      objectReference: {fileID: 0}
    m_RemovedComponents: []
  m_SourcePrefab: {fileID: 100100000, guid: 41ef434c8ad526e489fa6c75715f8364, type: 3}
